@BOOK{NOTA,
 	AUTHOR    = {Rosalind Piccard},
    TITLE     = {Affective computing},
    YEAR      = {1997},
    PULISHER = {MIT Media laboratory},
    ADDRESS   = {20 Ames St., Cambridge, MA 02139}
}